@article{paperMixedPooling,
author = {Yu, Dingjun and Wang, Hanli and Chen, Peiqiu and Wei, Zhihua},
year = {2014},
month = {10},
pages = {364-375},
title = {Mixed Pooling for Convolutional Neural Networks},
isbn = {978-3-319-11739-3}
}